@techreport{rfc6550,
	author = {T. Winter and P. Thubert and A. Brandt and J. Hui and R. Kelsey and P. Levis and K. Pister and R. Struik and JP. Vasseur and R. Alexander},
	title = {RPL: IPv6 Routing Protocol for Low-Power and Lossy Networks},
	howpublished = {Internet Requests for Comments},
	type = {RFC},
	number = {6550},
	year = {2012},
	month = {March},
	issn = {2070-1721},
	publisher = {RFC Editor},
	institution = {RFC Editor},
	url = {http://www.rfc-editor.org/rfc/rfc6550.txt},
	note = {\url{http://www.rfc-editor.org/rfc/rfc6550.txt}},
	doi =		{10.17487/RFC6550},
}

@techreport{rfc7252,
	author = {Z. Shelby and K. Hartke and C. Bormann},
	title = {The Constrained Application Protocol (CoAP)},
	howpublished = {Internet Requests for Comments},
	type = {RFC},
	number = {7252},
	year = {2014},
	month = {June},
	issn = {2070-1721},
	publisher = {RFC Editor},
	institution = {RFC Editor},
	url = {http://www.rfc-editor.org/rfc/rfc7252.txt},
	note = {\url{http://www.rfc-editor.org/rfc/rfc7252.txt}},
	doi =		{10.17487/RFC7252},
}

@techreport{rfc7959,
	author = {C. Bormann and Z. Shelby},
	title = {Block-Wise Transfers in the Constrained Application Protocol (CoAP)},
	howpublished = {Internet Requests for Comments},
	type = {RFC},
	number = {7959},
	year = {2016},
	month = {August},
	issn = {2070-1721},
	publisher = {RFC Editor},
	institution = {RFC Editor},
	doi =		{10.17487/RFC7959},
}

@INPROCEEDINGS{contiki,
 author={Dunkels, A. and Gr\"onvall, B. and Voigt, T.},
 booktitle={Proceedings of the 29th Annual IEEE International Conference on Local Computer Networks (LCN 2004)},
 title={Contiki - a lightweight and flexible operating system for tiny networked sensors},
 year={2004},
 publisher={IEEE},
 pages={455-462}
}

@inproceedings{Eschenauer2002,
 author = {Eschenauer, Laurent and Gligor, Virgil D.},
 title = {A Key-management Scheme for Distributed Sensor Networks},
 booktitle = {Proceedings of the 9th ACM Conference on Computer and Communications Security},
 series = {CCS '02},
 year = {2002},
 isbn = {1-58113-612-9},
 location = {Washington, DC, USA},
 pages = {41--47},
 numpages = {7},
 url = {http://doi.acm.org/10.1145/586110.586117},
 doi = {10.1145/586110.586117},
 acmid = {586117},
 publisher = {ACM},
 address = {New York, NY, USA},
 keywords = {key management, probabilistic key sharing, random graphs, sensor networks},
} 

@inproceedings{jolly2003low,
	author = {Jolly, Gaurav and Kus\c{c}u, Mustafa C. and Kokate, Pallavi and Younis, Mohamed},
	title = {A Low-Energy Key Management Protocol for Wireless Sensor Networks},
	booktitle = {Proceedings of the Eighth IEEE International Symposium on Computers and Communications},
	series = {ISCC '03},
	year = {2003},
	isbn = {0-7695-1961-X},
	pages = {335--},
	url = {http://dl.acm.org/citation.cfm?id=839294.843494},
	acmid = {843494},
	publisher = {IEEE Computer Society},
	address = {Washington, DC, USA},
}

@inproceedings{wang2007keyrev,
  title={KeyRev: An efficient key revocation scheme for wireless sensor networks},
  author={Wang, Yong and Ramamurthy, Byrav and Zou, Xukai},
  booktitle={Communications, 2007. ICC'07. IEEE International Conference on},
  pages={1260--1265},
  year={2007},
  organization={IEEE}
}

@article{raza2016s3k,
  title={S3K: scalable security with symmetric keys--DTLS key establishment for the Internet of things},
  author={Raza, Shahid and Seitz, Ludwig and Sitenkov, Denis and Selander, G{\"o}ran},
  journal={IEEE Transactions on Automation Science and Engineering},
  volume={13},
  number={3},
  pages={1270--1280},
  year={2016},
  publisher={IEEE}
}

@book{ieee802.15.4,
 author = {Gutierrez, Jose A. and Callaway, Edgar H. and Barrett, Raymond},
 title = {IEEE 802.15.4 Low-Rate Wireless Personal Area Networks: Enabling Wireless Sensor Networks},
 year = {2016},
 isbn = {978-1-5044-0845-5},
 publisher = {IEEE Standards Office},
 address = {New York, NY, USA},
}

@masterthesis{DanielWerner,
author = {Werner, Daniel},
title = {Key Revocation and Rekeying for the Adaptive Key Establishment Scheme},
year = {2018},
publisher = {Unpublished Master's thesis, University of Potsdam, Hasso Plattner Institute}
}

@article{krentz2018denial,
  title={Denial-of-Sleep-Resilient Session Key Establishment for IEEE 802.15. 4 Security: From Adaptive to Responsive},
  author={Krentz, Konrad-Felix and Meinel, Christoph and Graupner, Hendrik},
  year={2018}
}

@inproceedings{dunkels2007software,
  title={Software-based on-line energy estimation for sensor nodes},
  author={Dunkels, Adam and Osterlind, Fredrik and Tsiftes, Nicolas and He, Zhitao},
  booktitle={Proceedings of the 4th workshop on Embedded networked sensors},
  pages={28--32},
  year={2007},
  organization={ACM}
}

